%% This BibTeX bibliography file was created using BibDesk.
%% http://bibdesk.sourceforge.net/


%% Created for Timon HÃ¶bert at 2013-09-17 18:57:14 +0200 


%% Saved with string encoding Unicode (UTF-8) 



@misc{RAFM,
author = {elearning},
title = {{DesignPatterns Decorator}},
url = {https://elearning.tgm.ac.at/pluginfile.php/56362/mod{\_}resource/content/0/DesignPatterns{\_}Decorator.pdf}
}
	
	@misc{Wikiped,
author = {Wikipedia},
title = {{Wikipedia Design Patterns}},
url = {https://en.wikipedia.org/wiki/Software{\_}design{\_}pattern}
}

@misc{MorganNeill,
author = {{Morgan Neill}},
title = {{Decorator Pattern Pros and Cons}},
url = {https://neillmorgan.wordpress.com/2010/02/07/decorator-pattern-pros-and-cons/}
}

@misc{RAFMa,
author = {elearning},
title = {{DesignPatterns Abstract Factory}},
url = {https://elearning.tgm.ac.at/pluginfile.php/36374/mod{\_}resource/content/0/DesignPatterns{\_}Factory{\_}2.pdf}
}
@misc{Smith-Kline,
author = {Smith-Kline, Pete},
title = {{Factory Design Pattern Pros and Cons}},
url = {https://www.quora.com/What-are-the-pros-and-cons-of-the-factory-design-pattern}
}

@misc{PhilippHauer,
author = {{Philipp Hauer}},
title = {{Abstract Factory}},
url = {https://www.philipphauer.de/study/se/design-pattern/abstract-factory.php{\#}anwendung}
}
@misc{PhilippHauera,
author = {{Philipp Hauer}},
title = {{No Title}},
url = {https://www.philipphauer.de/study/se/design-pattern/decorator.php{\#}anwendung}
}